@book {strangest_man,
	author		= "Graham Farmelo",
	title		= "The Strangest Man: The Hidden Life of Paul
	Dirac, Quantum Genius",
	year		= "2009",
	publisher	= "Faber and Faber Limited"
}

@book {principles,
	author		= "P. A. M. Dirac",
	title		= "The Principles of Quantum Mechanics",
	year		= "1958",
	publisher	= "Oxford University Press",
	edition		= "Fourth"
}

@article {monopoles,
	author		= "P. A. M. Dirac",
	title = {Quantised Singularities in the Electromagnetic Field},
	journal = {Proceedings of the Royal Society of London. Series A,
		Containing Papers of a Mathematical and Physical Character},
	volume = {133},
	number = {821},
	pages = {60-72},
	year = {1931},
	publisher = {The Royal Society}
}

@misc {dirac,
	title		= "Interview with {P. A. M. Dirac} By {Thomas S.
	Kuhn} and {Eugene Paul Wigner}",
	year		= "1962--1963",
	howpublished	= "Niels Bohr Library \& Archives,
	American Institute of Physics",
	note		=
	"\url{http://www.aip.org/history/ohilist/4575_1.html}"
}
