@article {zeeman_nature,
	author = "Pieter Zeeman",
	title = "{The Effect of Magnetisation on the Nature of Light
		Emitted by a Substance}",
	journal = "Nature",
	year = 1897,
	month = feb,
	volume = 55,
	pages = {347}
}

@article {zeeman_paper,
	author = "Pieter Zeeman",
	title = "{On the Influence of Magnetism on the Nature of the
	Light Emitted by a Substance.}",
	journal = "Astrophysical Journal",
	year = 1897,
	month = may,
	volume = 5,
	pages = {332}
}
